@ARTICLE{Son22,
       author = {{Sonnenfeld}, Alessandro},
        title = "{Statistical strong lensing. III. Inferences with complete samples of lenses}",
      journal = {\aap},
     keywords = {gravitational lensing: strong, galaxies: fundamental parameters, Astrophysics - Astrophysics of Galaxies},
         year = 2022,
        month = mar,
       volume = {659},
          eid = {A132},
        pages = {A132},
          doi = {10.1051/0004-6361/202142301},
archivePrefix = {arXiv},
       eprint = {2109.13246},
 primaryClass = {astro-ph.GA},
       adsurl = {https://ui.adsabs.harvard.edu/abs/2022A&A...659A.132S},
      adsnote = {Provided by the SAO/NASA Astrophysics Data System}
}

@ARTICLE{S+C21,
       author = {{Sonnenfeld}, Alessandro and {Cautun}, Marius},
        title = "{Statistical strong lensing. I. Constraints on the inner structure of galaxies from samples of a thousand lenses}",
      journal = {\aap},
     keywords = {gravitational lensing: strong, galaxies: fundamental parameters, Astrophysics - Astrophysics of Galaxies},
         year = 2021,
        month = jul,
       volume = {651},
          eid = {A18},
        pages = {A18},
          doi = {10.1051/0004-6361/202140549},
archivePrefix = {arXiv},
       eprint = {2102.08973},
 primaryClass = {astro-ph.GA},
       adsurl = {https://ui.adsabs.harvard.edu/abs/2021A&A...651A..18S},
      adsnote = {Provided by the SAO/NASA Astrophysics Data System}
}


